<?xml version="1.0" encoding="UTF-8"?><record xmlns="http://www.loc.gov/MARC21/slim" xmlns:cinclude="http://apache.org/cocoon/include/1.0" xmlns:zs="http://www.loc.gov/zing/srw/">
  <leader>00976cz  a2200169n  4500</leader>
  <controlfield tag="001">no2005077968</controlfield>
  <controlfield tag="003">DLC</controlfield>
  <controlfield tag="005">20120816082529.0</controlfield>
  <controlfield tag="008">050822n| acannaabn          |a ana     c</controlfield>
  <datafield tag="010" ind1=" " ind2=" ">
    <subfield code="a">no2005077968</subfield>
  </datafield>
  <datafield tag="035" ind1=" " ind2=" ">
    <subfield code="a">(OCoLC)oca06713752</subfield>
  </datafield>
  <datafield tag="040" ind1=" " ind2=" ">
    <subfield code="a">DCS</subfield>
    <subfield code="b">eng</subfield>
    <subfield code="c">DCS</subfield>
    <subfield code="d">DLC</subfield>
  </datafield>
  <datafield tag="110" ind1="1" ind2=" ">
    <subfield code="a">Belgium.</subfield>
    <subfield code="t">Treaties, etc.</subfield>
    <subfield code="g">United States,</subfield>
    <subfield code="d">1970 July 9</subfield>
  </datafield>
  <datafield tag="430" ind1=" " ind2="0">
    <subfield code="a">Convention Between the United States of America and the Kingdom of Belgium for the Avoidance of Double Taxation and the Prevention of Fiscal Evasion with Respect to Taxes on Income</subfield>
    <subfield code="d">(1970)</subfield>
  </datafield>
  <datafield tag="410" ind1="1" ind2=" ">
    <subfield code="a">United States.</subfield>
    <subfield code="t">Treaties, etc.</subfield>
    <subfield code="g">Belgium,</subfield>
    <subfield code="d">1970 July 9</subfield>
  </datafield>
  <datafield tag="667" ind1=" " ind2=" ">
    <subfield code="a">THIS 1XX FIELD CANNOT BE USED UNDER RDA UNTIL THIS RECORD HAS BEEN REVIEWED AND/OR UPDATED</subfield>
  </datafield>
  <datafield tag="670" ind1=" " ind2=" ">
    <subfield code="a">Tax convention with Belgium, 1970:</subfield>
    <subfield code="b">t.p. (Convention Between the United States of America and the Kingdom of Belgium for the Avoidance of Double Taxation and the Prevention of Fiscal Evasion with Respect to Taxes on Income; signed at Brussels on July 9, 1970)</subfield>
  </datafield>
</record>